@INPROCEEDINGS{Carisimo2018,
       Author = {Carisimo, E. and Selmo, C. and Alvarez-Hamelin, J. and Dhamdhere, A.}, 
       Title = {{Studying the Evolution of Content Providers in the Internet Core}},
       BookTitle = {Traffic Monitoring and Analysis Workshop (TMA)},
       Month = {Jun},
       Year = {2018},
       volume={}, 
       number={}, 
       pages={1-8}, 
       Keywords = {graph theory;Internet;multimedia-oriented network;k-cores;graph theory;content providers;content ASes;Internet core;transit providers;content provider evolution;general-purpose CDN ecosystem;private CDN ecosystem;website;interactive analysis;Internet;Ecosystems;Topology;Google;Market research;Network topology},
       doi={10.23919/TMA.2018.8506513},
}

@misc{cisco2019, title={Cisco Visual Networking Index: Forecast and Trends, 2017–2022}, url={https://www.cisco.com/c/en/us/solutions/collateral/service-provider/visual-networking-index-vni/white-paper-c11-741490.html#_Toc529314189}, journal={Cisco}, year={2019}, month={Ene}, author={Cisco}}

@misc{akamaiReport,
title={{¿What are the benefits of a CDN?} | Akamai}, 
url={https://www.akamai.com/es/es/cdn/what-are-the-benefits-of-a-cdn.jsp}, 
journal={Report | Akamai}, year={2019}, month={Mar}, author={Akamai}}

@misc{etsi_nfv_architecture_2012, title={ETSI GS NFV 002 V1.2 - Architectural Framework}, url={https://www.etsi.org/deliver/etsi_gs/NFV/001_099/002/01.02.01_60/gs_NFV002v010201p.pdf}, journal={ETSI_NFV_Architecture}, year={2012}, month={Dic}, author={ETSI-NFV}}

@misc{theapachefoundation_2014, title={Building a large scale CDN with Apache Traffic Server - Jan van Doorn}, url={https://www.youtube.com/watch?v=q1mndAYZlio}, journal={YouTube}, publisher={YouTube}, author={TheApacheFoundation}, year={2014}, month={Abr}}

@misc{openstack_LBaaSv2, title={Load-Balancing Policy}, url={https://docs.openstack.org/senlin/latest/user/policy_types/load_balancing.html}, journal={OpenStack Docs: OpenStack Security Guide}, year={2019}, month={Mar}, author={OpenStack}}

@misc{haproxy_who_use_it, title={HAProxy - They use it}, url={https://www.haproxy.org/they-use-it.html}, journal={powered by HAPROXY}, year={2019}, month={Mar}, author={HAProxy}}

@misc{http_caching_ietf_tools, title={Hypertext Transfer Protocol (HTTP/1.1): Caching}, url={https://tools.ietf.org/html/rfc7234}, journal={IETF Tools}, year={2019}, month={Mar}, author={IETF}}

@misc{digitalocean_2017_CompareStreamServer, title={Apache vs Nginx: Practical Considerations}, url={https://www.digitalocean.com/community/tutorials/apache-vs-nginx-practical-considerations}, journal={SQLite vs MySQL vs PostgreSQL: A Comparison Of Relational Database Management Systems | DigitalOcean}, publisher={DigitalOcean}, year={2017}, month={Jul}, author={Digital Ocean}}


@misc{Akamai_vcdn, title={The Case for a Virtualized CDN (vCDN)
for Delivering Operator OTT Video}, url={https://www.akamai.com/us/en/multimedia/documents/white-paper/the-case-for-a-virtualized-cdn-vcdn-for-delivering-operator-ott-video.pdf}, author={Akamai-vcdn}, year={2019}, month={Mar}}

@misc{singh_1970, title={Web Framework Wars : Django vs Ruby on Rails}, url={https://thegeekswatch.blogspot.com/2016/08/framework-wars-django-vs-ruby-on-rails.html}, journal={The Geeks Watch}, author={Singh, Shivendra}, year={1970}, month={Ene}, author={Thegeekswatch}}

@article{khedher_abd-elrahman_afifi_marot_2017, title={Optimal and Cost Efficient Algorithm for Virtual CDN Orchestration}, DOI={10.1109/lcn.2017.115}, journal={2017 IEEE 42nd Conference on Local Computer Networks (LCN)}, author={Khedher, Hatem and Abd-Elrahman, Emad and Afifi, Hossam and Marot, Michel}, year={2017}}

@misc{openStackDocs , title={Introduction to OpenStack}, url={https://docs.openstack.org/security-guide/introduction/introduction-to-openstack.html}, journal={OpenStack Docs: OpenStack Security Guide}, year={2019}, month={Mar}, author={OpenStack}}

@misc{openstack, title={OpenStack Foundation supporting companies}, url={https://www.openstack.org/foundation/companies/}, journal={OpenStack}, year={2019}, month={Mar}, author={OpenStack}}

@misc{stackalytics, title={Official community contribution during OpenStack Stein release}, url={http://stackalytics.com/}, journal={Stackalytics}, year={2019}, month={Mar}, author={Stackalytics}}

@misc{sftp_paramiko_doc, title={SFTP Client - Paramiko}, url={http://docs.paramiko.org/en/2.4/api/sftp.html}, journal={SFTP - Paramiko documentation},year={2019}, month={Mar}, author={Paramiko}}

@misc{CasoAkamai, title={Solving Performance Issues in Single Page Apps}, url={https://developer.akamai.com/blog/2015/08/17/performance-single-page-apps}, journal={What You Need to Know About Caching - Part 1 | Akamai Developer},year={2019}, month={Mar}, author={Akamai}}

@misc{apache_traffic_server_9.0.0_documentation, title={Apache Traffic Server Documentation}, url={https://docs.trafficserver.apache.org/en/latest/index.html}, journal={Apache Traffic Server Manual - Apache Traffic Server 9.0.0 documentation}, year={2019}, month={Mar}, author={Apache}}


@misc{NFV_ETSI, title={Network Functions Virtualization}, url={https://www.etsi.org/images/files/ETSITechnologyLeaflets/NetworkFunctionsVirtualization.pdf}, year={2019}, month={Mar}, author={ETSI}}

@misc{DRM_OpenIPMP, title={OpenIPMP - Mutable}, url={
http://mutableinc.com/documents/Mutable\%20OpenIPMP.pdf}, year={2019}, month={Mar}, author={OpenIPMP}}

@misc{apache_http_server_project, title={Apache Module mod - expires}, url={http://httpd.apache.org/docs/current/mod/mod_expires.html}, journal={Welcome! - The Apache HTTP Server Project}, year={2019}, month={Mar}, author={Apache}}

@misc{videojsOficial, title={Video.js}, url={https://videojs.com/}, journal={Video.js: The Player Framework},year={2019}, month={Mar}, author={VideoJS}}

@misc{ietfIPV4, title={Address Allocation for Private Internets}, url={https://tools.ietf.org/html/rfc1918}, journal={IETF Tools}, year={2019}, month={Mar}, author={IETF}}

@misc{hlsAPPLE, title={HLS Authoring Specification for Apple Devices}, url={https://developer.apple.com/documentation/http_live_streaming/hls_authoring_specification_for_apple_devices}, journal={Using 2D and 3D Transforms},year={2019}, month={Mar}, author={Apple}}

@misc{rdo_project, title={RDO Project}, url={https://www.rdoproject.org/}, journal={RDO Project}, year={2019}, month={Mar}, author={RDO Proyect}}

@misc{rdo_project_use, title={Use RDO}, url={https://www.rdoproject.org/use/}, journal={RDO}, year={2019}, month={Mar}, author={RDO Proyect}}

@misc{noip_about, title={Managed DNS Services}, url={https://www.noip.com/about}, journal={Support | No-IP Knowledge Base}, year={2019}, month={Mar}, author={NO-IP}}

@misc{rabbitmq, title={RabbitMQ Best Practices}, url={https://www.rabbitmq.com/}, journal={RabbitMQ}, year={2019}, month={Mar}, author={RabbitMQ}}

@misc{rpc, title={Remote Procedure Call}, url={https://www.ibm.com/support/knowledgecenter/en/ssw_aix_71/com.ibm.aix.progcomc/ch8_rpc.htm}, journal={The Analytics Maturity Model (IT Best Kept Secret Is Optimization)}, publisher={IBM Corporation}, year={2019}, month={Mar}, author={IBM}}

@misc{libvirt, title={The virtualization API}, url={https://libvirt.org/}, journal={libvirt: Audit log}, year={2019}, month={Mar}, author={Libvirt}}

@misc{cloud-init, title={cloud-init}, url={https://cloud-init.io/}, journal={cloud-init - The standard for customising cloud instances}, year={2019}, month={Mar}, author={Cloud-Init}}

@misc{HeatResources, title={OpenStack Resource Types}, url={https://docs.openstack.org/heat/pike/template_guide/openstack.html}, journal={OpenStack Docs: OpenStack Security Guide}, year={2019}, month={Mar}, author={OpenStack}}

@misc{authplugin, title={AuthProxy Plugin}, url={https://docs.trafficserver.apache.org/en/latest/admin-guide/plugins/authproxy.en.html}, journal={Apache Traffic Server Manual - Apache Traffic Server 9.0.0 documentation}, year={2019}, month={Mar}, author={Apache}}

@misc{rsync, title={RSync}, url={https://rsync.samba.org/}, journal={rsync}, author={Samba}, year={2019}, month={Mar}}

@misc{xhook, title={jpillora/xhook}, url={https://github.com/jpillora/xhook}, journal={GitHub}, author={Jpillora}, year={2018}, month={Jun}}

@misc{storageOpenStack, title={Storage architecture}, url={https://docs.openstack.org/project-deploy-guide/openstack-ansible/newton/overview-storage-arch.html}, journal={OpenStack Docs: OpenStack Security Guide}, year={2019}, month={Mar}, author={OpenStack-Docs}}

@misc{videojsCase, title={To add custom header in video src request}, url={https://github.com/videojs/video.js/issues/4770#issuecomment-347244198}, journal={GitHub}, year={2019}, month={Mar}, author={Videojs}}


@misc{videojsContributors, title={VideoJS Contributors}, url={https://github.com/videojs/video.js/graphs/contributors}, journal={GitHub}, year={2019}, month={Mar}, author={Video-JS}}

@misc{cors, title={Control de acceso HTTP (CORS)}, url={https://developer.mozilla.org/es/docs/Web/HTTP/Access_control_CORS}, journal={MDN Web Docs}, year={2019}, month={Mar}, author={Mozilla}}

@misc{corsPreflight, title={Cross-Origin Resource Sharing}, url={https://drstearns.github.io/tutorials/cors/}, journal={INFO Tutorials}, author={Stearns, Dave}, year={2019}, month={Mar}}

@misc{solicitudSimple, title={Control de acceso HTTP (CORS) - Solicitudes simples}, url={https://developer.mozilla.org/es/docs/Web/HTTP/Access_control_CORS\#Solicitudes_simples}, journal={MDN Web Docs}, year={2019}, month={Mar}, author={Mozilla-CORS}}

@inproceedings{HTML5,
author = {Daoust, François and Hoschka, Philipp and Patrikakis, Charalampos and Santos Cruz, Rui and Nunes, Mario and Salama Osborne, David},
year = {2010},
month = {Oct},
pages = {},
title = {Towards Video on the Web with HTML5},
booktitle = {Towards Video on the Web with HTML5}
}

@techreport{pantos-hls-rfc8216bis-03,
	number =	{draft-pantos-hls-rfc8216bis-03},
	type =		{Internet-Draft},
	institution =	{Internet Engineering Task Force},
	publisher =	{Internet Engineering Task Force},
	note =		{Work in Progress},
	url =		{https://datatracker.ietf.org/doc/html/draft-pantos-hls-rfc8216bis-03},
        author =	{Roger Pantos},
	title =		{{HTTP Live Streaming 2nd Edition}},
	pagetotal =	64,
	year =		2018,
	month =		Sep,
	day =		21,
	abstract =	{This document obsoletes RFC 8216. It describes a protocol for transferring unbounded streams of multimedia data. It specifies the data format of the files and the actions to be taken by the server (sender) and the clients (receivers) of the streams. It describes version 8 of this protocol.},
}


@misc{about_ffmpeg, title={FFmpeg and HLS}, url={https://ffmpeg.org/ffmpeg-formats.html#hls-1}, journal={About FFmpeg - HLS}, year={2019}, month={Mar}, author={FFMpeg}}


@misc{keycdn_blog, title={HTTP Cache Headers - A Complete Guide}, url={https://www.keycdn.com/blog/http-cache-headers}, journal={KeyCDN Blog}, year={2019}, month={Mar}, author={KeyCDN}}

@INPROCEEDINGS{netflix, 
author={S. Dernbach and N. Taft and J. Kurose and U. Weinsberg and C. Diot and A. Ashkan}, 
booktitle={IEEE INFOCOM 2016 - The 35th Annual IEEE International Conference on Computer Communications}, 
title={Cache content-selection policies for streaming video services}, 
year={2016}, 
volume={}, 
number={}, 
pages={1-9}, 
keywords={cache storage;Internet;matrix decomposition;recommender systems;telecommunication traffic;video retrieval;video streaming;cache content-selection policies;video streaming services;Internet traffic;video quality;content distribution networks;cache filling policy;synthetic model;matrix factorization;recommender systems;Motion pictures;Streaming media;Measurement;Internet;Sociology;Statistics;Data models}, 
doi={10.1109/INFOCOM.2016.7524619}, 
ISSN={}, 
month={Abr},}


@article{Caching_VideoCDN,
author = {Mokhtarian, Kianoosh and Jacobsen, Hans-arno},
year = {2014},
month = {04},
pages = {},
title = {Caching in video CDNs: Building strong lines of defense},
isbn = {978-1-4503-2704-6},
journal = {Proceedings of the 9th European Conference on Computer Systems, EuroSys 2014},
doi = {10.1145/2592798.2592817}
}


@article{chunk-based_algorithm,
author = {Hong, Dohy and De Vleeschauwer, Danny and Baccelli, François},
year = {2010},
month = {Nov},
pages = {},
journal = {chunk-based algorithm},
title = {A chunk-based caching algorithm for streaming video}
}


@misc{BIND_Ansible, title={Set up Bind server with Ansible}, url={https://mangolassi.it/topic/12877/set-up-bind-server-with-ansible}, journal={MangoLassi}, author={Stacksofplates and Scottalanmiller}, year={2017}, month={Mar}}

@misc{view_DNS, title={Geolocation-aware DNS with Bind}, url={https://backreference.org/2010/02/01/geolocation-aware-dns-with-bind}, journal={Generate geolocation aware DNS with BIND}, year={2019}, month={Mar}, author={Waldner}}

@misc{Build_own_DNS, title={Build your own DNS server on Linux}, url={https://opensource.com/article/17/4/build-your-own-name-server}, journal={Opensource.com}, author={Both, David}}

@misc{Servidor_DNS_BIND9, title={Aulas en red, aplicaciones y servicios. Linux}, url={http://www.ite.educacion.es/formacion/materiales/85/cd/linux/m2/servidor_dns_bind9.html}, journal={Resolución de imagen}, year={2019}, month={Mar}, author={ITE}}


@misc{crontab, title={How to Schedule a Python Script Cron Job – Gavin Wiener – Medium}, url={https://medium.com/@gavinwiener/how-to-schedule-a-python-script-cron-job-dea6cbf69f4e}, journal={medium.com}, publisher={medium}, author={Wiener, Gavin and Wiener, Gavin}, year={2018}, month={Ene}}


@misc{nslookup, title={DNS and BIND, 4th Edition}, url={https://docstore.mik.ua/orelly/networking_2ndEd/dns/ch12_01.htm}, journal={nslookup - unix.org.ua}, year={2019}, month={Mar}, author={O'Reilly and Associates, Inc.}}


@misc{AnsiblePythonAPI, title={Python API}, url={https://docs.ansible.com/ansible/latest/dev_guide/developing_api.html}, journal={shell - Execute commands in nodes. - Ansible Documentation}, year={2019}, month={Mar}, author={Ansible}}



@misc{stackpath2018, title={CDN | Content Delivery Network}, url={https://www.stackpath.com/services/content-delivery-network-cdn/}, journal={Stackpath}, year={2018}, month={Dic}, author={Stackpath}}


@misc{cdn_akamai, title={Centro de información sobre redes de distribución de contenido (CDN) | Akamai}, url={https://www.akamai.com/es/es/cdn/}, year={2019}, month={Mar}, author={Akamai}}


@misc{cloudflare, title={Servicio de Red Global de Entrega de Contenido (CDN)}, url={https://www.cloudflare.com/es-la/cdn/}, journal={Cloudflare}, year={2019}, month={Mar}, author={Cloudflare}}


@misc{media_delivery_network_map, title={Media Delivery Network Map}, url={https://www.akamai.com/uk/en/solutions/intelligent-platform/visualizing-akamai/media-delivery-map.jsp}, journal={Media Delivery Network Map}, year={2019}, month={Mar}, author={Akamai}}

@misc{maxcdn_map_2015, title={MaxCDN Review - Improve Your Website Speed, UX, and SEO}, url={https://wpcaddy.com/maxcdn-review/}, journal={MAXCDN_map}, year={2015}, month={Jul}, author={MAXCDN}}


@misc{gentile_2018, title={Cloudflare at Google NEXT 2017}, url={https://blog.cloudflare.com/cloudflare-at-google-next-2017/}, journal={The_Cloudflare_Blog}, publisher={The Cloudflare Blog}, author={Gentile, Brady}, year={2018}, month={Ago}}


@misc{tecmint_NFS, title={How to Setup NFS (Network File System) on RHEL/CentOS/Fedora and Debian/Ubuntu}, url={https://www.tecmint.com/how-to-setup-nfs-server-in-linux/}, journal={Tecmint: Linux Howtos, Tutorials & Guides}, publisher={Tecmint: Linux Howtos, Tutorials & Guides}, year={2019}, month={Mar}, author={Tecmint: Linux Howtos, Tutorials & Guide}}


@misc{vmware_2019, title={Virtualization Technology and Virtual Machine Software: What is Virtualization?}, url={https://www.vmware.com/latam/solutions/virtualization.html}, journal={VMWare}, year={2019}, month={Mar}, author={VMWare}}


@misc{streaming_adaptativo, title={Streaming Adaptativo en Internet}, url={http://www.javierrodriguez.com.es/blog/2011/10/24/streaming-adaptativo-en-internet-2/}, journal={Streaming_Adaptativo}, year={2011}, month={Oct}, author={Javier Rodriguez}}

@misc{vcodex, title={An Overview of H.264 Advanced Video Coding}, url={https://www.vcodex.com/an-overview-of-h264-advanced-video-coding/}, journal={Vcodex}, year={2019}, month={Mar}, author={Vcodex}}

@misc{ansible, title={Ansible Project}, url={https://docs.ansible.com/}, journal={shell - Execute commands in nodes. - Ansible Documentation}, author={Ansible, Inc}, year={2019}, month={Mar}}

@misc{lichtigstein, title={OpenStack vs. VMware vCloud}, url={https://www.loomsystems.com/blog/single-post/2017/07/12/comparing-openstack-vs-vmware-vcloud}, journal={Loom Systems}, author={Lichtigstein, Aviv}, year={2019}, month={Mar}}


@misc{Templated, title={Templated Co}, url={https://templated.co/fullmotion}, author={Templated,Co}, year={2019}, month={Mar}}


@misc{servidor_de_streaming_cdn, title={Servidor de streaming de CDN}, url={https://www.akamai.com/es/es/resources/cdn-streaming-server.jsp}, journal={Servidor de streaming de CDN}, author={Akamai}, year={2019}, month={Mar}}

@misc{DRM_OpenSource, title={Open Source DRM Server}, url={https://open-source-drm-server.soft112.com/}, journal={Open Source DRM Server}, author={Open Source DRM Server}, year={2019}, month={Mar}}

@misc{DRMtoday, title={DRMtoday: Digital Rights Management Access Control}, url={https://castlabs.com/drmtoday/}, journal={castLabs}, author={P, Bryce}, year={2019}, month={Mar}}

@misc{vdocipher, title={VdoCipher features}, url={https://www.vdocipher.com/page/features}, author={VdoCipher}, year={2019}, month={Mar}}

@inproceedings{MachineLearningCache,
author = {Berger, Daniel},
year = {2018},
month = {Nov},
pages = {134-140},
title = {Towards Lightweight and Robust Machine Learning for CDN Caching},
booktitle = {Towards Lightweight and Robust Machine Learning for CDN Caching},
doi = {10.1145/3286062.3286082}
}

@misc{maxcdntraffic, title={MaxCDN vs CloudFlare - ¿Cuál es mejor de estos CDN?}, url={https://www.comprarhosting.co/que-es-cdn-cloudflare-maxcdn/}, author={ComprarHosting}, year={2019}, month={Ene}}


@misc{geoip, title={Using the GeoIP Features in BIND 9.10}, url={https://kb.isc.org/docs/aa-01149}, journal={GeoIP}, author={ISC}, year={2019}, month={Ene}}

@book{girard1989,
  title={Proofs and Types},
  author={Girard, J.Y. and Lafont, Y. and Taylor, P.},
  isbn={9780521371810},
  lccn={gb89006177},
  series={Cambridge Tracts in Theoretical Computer Science},
  year={1989},
  publisher={Cambridge University Press}
},

@Book{ranta2012,
 author = {Ranta, Aarne},
 title = {Implementing Programming Languages. An Introduction to Compilers and Interpreters},
 year = {2012},
 isbn = {1848900643, 9781848900646},
 publisher = {College Publications},
},

@article{tcs2015,
  author    = {Alvaro Tasistro and
               Ernesto Copello and
               Nora Szasz},
  title     = {{Formalisation in Constructive Type Theory of {S}toughton's Substitution for the $\lambda$-calculus}},
  journal   = {Electronic Notes in Theoretical Computer Science},
  volume    = {312},
  pages     = {215--230},
  year      = {2015}
}