@book{girard1989,
  title={Proofs and Types},
  author={Girard, J.Y. and Lafont, Y. and Taylor, P.},
  isbn={9780521371810},
  lccn={gb89006177},
  series={Cambridge Tracts in Theoretical Computer Science},
  year={1989},
  publisher={Cambridge University Press}
},

@Book{ranta2012,
 author = {Ranta, Aarne},
 title = {Implementing Programming Languages. An Introduction to Compilers and Interpreters},
 year = {2012},
 isbn = {1848900643, 9781848900646},
 publisher = {College Publications},
},

@article{tcs2015,
  author    = {Alvaro Tasistro and
               Ernesto Copello and
               Nora Szasz},
  title     = {{Formalisation in Constructive Type Theory of {S}toughton's Substitution for the $\lambda$-calculus}},
  journal   = {Electronic Notes in Theoretical Computer Science},
  volume    = {312},
  pages     = {215--230},
  year      = {2015}
}